@article{dawson2007essential,
  title={The Essential Turing: Seminal Writings in Computing, Logic, Philosophy, Artificial Ingelligence, and Artificial Life plus The Secrets of Enigma, by Alan M. Turing (author) and B. Jack Copeland (editor)},
  author={Dawson, Jr, John W},
  year={2007}
}

@article{turing1936computable,
  title={On computable numbers, with an application to the Entscheidungsproblem},
  author={Turing, Alan Mathison and others},
  journal={J. of Math},
  volume={58},
  number={345-363},
  pages={5},
  year={1936}
}